@Book{Knuth1982,
  author    = {Donald Knuth},
  date      = {1982-05-17},
  title     = {The \TeX Book},
  publisher = {Addison Wesley},
}

@Comment{jabref-meta: databaseType:biblatex;}
